% This file was created with JabRef 2.6.
% Encoding: UTF-8

@MISC{xugglerdownload,
  author = {Xuggle},
  title = {Xuggler Download Page},
  howpublished = {\url{http://xuggle.com/downloads}},
  timestamp = {2012.06.03}
}

@MISC{xugglermain,
  author = {Xuggle},
  title = {Xuggler Main Page},
  howpublished = {\url{http://xuggle.com/}},
  timestamp = {2012.06.03}
}

@MISC{mkyongmerging,
  author = {Mkyong},
  title = {JSF 2.0 + Spring + Hibernate integration example},
  howpublished = {\url{http://www.mkyong.com/jsf2/jsf-2-0-spring-hibernate-integration-example/}},
  timestamp = {2012.06.03}
}

@MISC{springtut1,
  author = {Mkyong},
  title = {Spring Tutorial},
  howpublished = {\url{http://www.mkyong.com/tutorials/spring-tutorials/}},
  timestamp = {2012.06.03}
}

@MISC{customvalidator,
  author = {Viral Patel},
  title = {JavaServer Faces JSF Validation Tutorial: Error Handling in JSF},
  howpublished = {\url{http://viralpatel.net/blogs/2009/02/javaserver-faces-jsf-validation-tutorial-error-handling-jsf-validator.html}},
  timestamp = {2012.06.03}
}

@MISC{twofieldvalid,
  author = {Stack Overflow},
  title = {JSF 2.0: Validate equality of 2 InputSecret Fields (confirm password) without writing Code?},
  howpublished = {\url{http://stackoverflow.com/questions/2909021/jsf-2-0-validate-equality-of-2-inputsecret-fields-confirm-password-without-wr}},
  timestamp = {2012.06.03}
}

@MISC{log4jconfig,
  author = {IdleWorx},
  title = {Setting up Log4j for simple Java Web Applications + Tomcat 5/6},
  howpublished = {\url{http://blog.idleworx.com/2010/01/setting-up-log4j-for-simple-java-web.html}},
  timestamp = {2012.06.03}
}

@MISC{resizeimage,
  author = {Mkyong},
  title = {How to resize an image in Java ?},
  howpublished = {\url{http://www.mkyong.com/java/how-to-resize-an-image-in-java/}},
  timestamp = {2012.06.03}
}

@MISC{tomcatdeploy,
  author = {Apache},
  title = {Manager App HOW-TO},
  howpublished = {\url{https://tomcat.apache.org/tomcat-7.0-doc/manager-howto.html}},
  timestamp = {2012.06.03}
}

@MISC{editabledatatable,
  author = {PrimeFaces},
  title = {PrimeFaces - DataTable - InCell Editing},
  howpublished = {\url{http://www.primefaces.org/showcase/ui/datatableEditing.jsf}},
  timestamp = {2012.06.03}
}

@MISC{jsftutorials,
  author = {Mkyong},
  title = {JSF 2.0 Tutorial},
  howpublished = {\url{http://www.mkyong.com/tutorials/jsf-2-0-tutorials/}},
  timestamp = {2012.06.03}
}

@MISC{coreservlets,
  author = {CoreServlets},
  title = {JSF 2.0 Tutorials},
  howpublished = {\url{http://www.coreservlets.com/JSF-Tutorial/jsf2/}},
  timestamp = {2012.06.03}
}

@MISC{springtut2,
  author = {CoreServlets},
  title = {Spring Tutorial: An Introduction and Tutorial for the Spring Framework},
  howpublished = {\url{http://courses.coreservlets.com/Course-Materials/spring.html}},
  timestamp = {2012.06.03}
}

@MISC{hibtutorial2,
  author = {CoreServlets},
  title = {Hibernate and JPA: An Introduction and Tutorial},
  howpublished = {\url{http://courses.coreservlets.com/Course-Materials/hibernate.html}},
  timestamp = {2012.06.03}
}

@MISC{datatableincelledit,
  author = {Stack Overflow},
  title = {DataTable - InCell Editing How to get the Value of the object edited in the Managed Bean},
  howpublished = {\url{http://stackoverflow.com/questions/10398960/datatable-incell-editing-how-to-get-the-value-of-the-object-edited-in-the-mana}},
  timestamp = {2012.06.03}
}

@MISC{videojs,
  author = {Video.js},
  title = {Video.js},
  howpublished = {\url{http://videojs.com/}},
  timestamp = {2012.06.03}
}

@MISC{installjdk7,
  author = {ShinePHP},
  title = {Installing JDK 7 on Ubuntu},
  howpublished = {\url{http://www.shinephp.com/install-jdk-7-on-ubuntu/}},
  timestamp = {2011.11.15}
}

@MISC{hibtutorial1,
  author = {Mkyong},
  title = {Hibernate Tutorial},
  howpublished = {\url{http://www.mkyong.com/tutorials/hibernate-tutorials/}},
  timestamp = {2012.06.03}
}

@MISC{decodeandcaptureframes,
  author = {Xuggle},
  title = {DecodeAndCaptureFrames},
  howpublished = {\url{https://github.com/xuggle/xuggle-xuggler/blob/master/src/com/xuggle/mediatool/demos/DecodeAndCaptureFrames.java}},
  timestamp = {2012.06.03}
}

@BOOK{WikiBook:LatexPDF,
  Title = {LaTex},
  Publisher = {WikiBooks},
  owner = {Serdar},
  Year = {2011},
  URL = {https://en.wikibooks.org/wiki/File:LaTeX.pdf}
}

@OTHER{WikiBook:Latex,
title = {LaTex on WikiBooks {@https://en.wikibooks.org/wiki/LaTeX}},
month = dec,
year = {2011},
url = {https://en.wikibooks.org/wiki/LaTeX}
}
@OTHER{Wiki:YouTube,
title = {YouTube in Wikipedia {@http://en.wikipedia.org/wiki/YouTube}},
month = dec,
year = {2011},
url = {http://en.wikipedia.org/wiki/YouTube}
}

@BOOK{9780596009076,
  title = {Swing Hacks: Tips and Tools for Killer GUIs},
  publisher = {O'Reilly Media},
  year = {2005},
  author = {Adamson, Chris and Marinacci, Joshua},
  edition = {1},
  owner = {Serdar},
  timestamp = {2011.12.02}
}

@BOOK{9781933988078,
  title = {Struts 2 in Action},
  publisher = {Manning Publications},
  year = {2008},
  author = {Don Brown and Chad Michael Davis and Scott Stanlick},
  isbn = {193398807X},
  owner = {Serdar},
  timestamp = {2011.12.02},
  url = {http://www.amazon.com/Struts-2-Action-Don-Brown/dp/193398807X%3FSubscriptionId%3D0JYN1NVW651KCA56C102%26tag%3Dtechkie-20%26linkCode%3Dxm2%26camp%3D2025%26creative%3D165953%26creativeASIN%3D193398807X}
}

@BOOK{9780131752429,
  title = {Internet \& World Wide Web: How to Program},
  publisher = {Prentice Hall},
  year = {2007},
  author = {Deitel, Paul},
  edition = {4},
  owner = {Serdar},
  timestamp = {2011.12.02}
}

@BOOK{9780132575669,
  title = {Java How to Program},
  publisher = {Prentice Hall},
  year = {2012},
  author = {Deitel, Paul and Deitel, Harvey},
  edition = {9},
  owner = {Serdar},
  timestamp = {2011.12.02}
}

@BOOK{9781846288630,
  title = {Web Development with Java: Using Hibernate, JSPs and Servlets},
  publisher = {Springer},
  year = {2007},
  author = {Downey, Tim},
  edition = {1},
  owner = {Serdar},
  timestamp = {2011.12.02}
}

@BOOK{9780137012893,
  title = {Core JavaServer Faces},
  publisher = {Prentice Hall},
  year = {2010},
  author = {Geary, David and Horstmann, Cay},
  edition = {3},
  owner = {Serdar},
  timestamp = {2011.12.02}
}

@BOOK{9780596003777,
  title = {Java Performance Tuning},
  publisher = {O'Reilly Media},
  year = {2003},
  author = {Shirazi, Jack},
  edition = {2},
  owner = {Serdar},
  timestamp = {2011.12.02}
}

@BOOK{primefacesdocumentation,
  title = {PrimeFaces's User's Guide},
  author = {Prime Teknoloji},
  publisher = {Prime Teknoloji},
  year = {2011},
  url = {http://primefaces.googlecode.com/files/primefaces_users_guide_3_2.pdf},
  timestamp = {2012.06.06}
}